@article{Takeuchi_2022,
   title={Divide-and-conquer verification method for noisy intermediate-scale quantum computation},
   volume={6},
   ISSN={2521-327X},
   url={http://dx.doi.org/10.22331/q-2022-07-07-758},
   DOI={10.22331/q-2022-07-07-758},
   journal={Quantum},
   publisher={Verein zur Forderung des Open Access Publizierens in den Quantenwissenschaften},
   author={Takeuchi, Yuki and Takahashi, Yasuhiro and Morimae, Tomoyuki and Tani, Seiichiro},
   year={2022},
   month=jul, pages={758} 
}

@article{Mitarai_2021,
   title={Constructing a virtual two-qubit gate by sampling single-qubit operations},
   volume={23},
   ISSN={1367-2630},
   url={http://dx.doi.org/10.1088/1367-2630/abd7bc},
   DOI={10.1088/1367-2630/abd7bc},
   number={2},
   journal={New Journal of Physics},
   publisher={IOP Publishing},
   author={Mitarai, Kosuke and Fujii, Keisuke},
   year={2021},
   month=feb, pages={023021} 
}

@article{OA1,
  title={A Quantum Approximate Optimization Algorithm},
  author={Edward Farhi and Jeffrey Goldstone and Sam Gutmann},
  journal={arXiv: Quantum Physics},
  year={2014},
  url={https://api.semanticscholar.org/CorpusID:118149905}
}

@misc{In2,
      title={Where are we heading with NISQ?}, 
      author={Olivier Ezratty},
      year={2023},
      eprint={2305.09518},
      archivePrefix={arXiv},
      primaryClass={quant-ph}
}

@article{In1,
   title={How many qubits are needed for quantum computational supremacy?},
   volume={4},
   ISSN={2521-327X},
   url={http://dx.doi.org/10.22331/q-2020-05-11-264},
   DOI={10.22331/q-2020-05-11-264},
   journal={Quantum},
   publisher={Verein zur Forderung des Open Access Publizierens in den Quantenwissenschaften},
   author={Dalzell, Alexander M. and Harrow, Aram W. and Koh, Dax Enshan and La Placa, Rolando L.},
   year={2020},
   month=may, pages={264} }

@article{QDCA_2021,
   title={A divide-and-conquer algorithm for quantum state preparation},
   volume={11},
   ISSN={2045-2322},
   url={http://dx.doi.org/10.1038/s41598-021-85474-1},
   DOI={10.1038/s41598-021-85474-1},
   number={1},
   journal={Scientific Reports},
   publisher={Springer Science and Business Media LLC},
   author={Araujo, Israel F. and Park, Daniel K. and Petruccione, Francesco and da Silva, Adenilton J.},
   year={2021},
   month=mar }

@misc{QDCA2022,
      title={Quantum divide and conquer}, 
      author={Andrew M. Childs and Robin Kothari and Matt Kovacs-Deak and Aarthi Sundaram and Daochen Wang},
      year={2022},
      eprint={2210.06419},
      archivePrefix={arXiv},
      primaryClass={quant-ph}
}

@article{VQE1,
   title={A variational eigenvalue solver on a photonic quantum processor},
   volume={5},
   ISSN={2041-1723},
   url={http://dx.doi.org/10.1038/ncomms5213},
   DOI={10.1038/ncomms5213},
   number={1},
   journal={Nature Communications},
   publisher={Springer Science and Business Media LLC},
   author={Peruzzo, Alberto and McClean, Jarrod and Shadbolt, Peter and Yung, Man-Hong and Zhou, Xiao-Qi and Love, Peter J. and Aspuru-Guzik, Alán and O’Brien, Jeremy L.},
   year={2014},
   month=jul 
}

@article{VQE2,
   title={Hardware-efficient variational quantum eigensolver for small molecules and quantum magnets},
   volume={549},
   ISSN={1476-4687},
   url={http://dx.doi.org/10.1038/nature23879},
   DOI={10.1038/nature23879},
   number={7671},
   journal={Nature},
   publisher={Springer Science and Business Media LLC},
   author={Kandala, Abhinav and Mezzacapo, Antonio and Temme, Kristan and Takita, Maika and Brink, Markus and Chow, Jerry M. and Gambetta, Jay M.},
   year={2017},
   month=sep, pages={242–246} 
}

@inproceedings{CutQC, series={ASPLOS ’21},
   title={CutQC: using small Quantum computers for large Quantum circuit evaluations},
   url={http://dx.doi.org/10.1145/3445814.3446758},
   DOI={10.1145/3445814.3446758},
   booktitle={Proceedings of the 26th ACM International Conference on Architectural Support for Programming Languages and Operating Systems},
   publisher={ACM},
   author={Tang, Wei and Tomesh, Teague and Suchara, Martin and Larson, Jeffrey and Martonosi, Margaret},
   year={2021},
   month=apr, collection={ASPLOS ’21} 
}

@inproceedings{QDCA,
   title={Quantum Divide and Compute: Hardware Demonstrations and Noisy Simulations},
   url={http://dx.doi.org/10.1109/ISVLSI49217.2020.00034},
   DOI={10.1109/isvlsi49217.2020.00034},
   booktitle={2020 IEEE Computer Society Annual Symposium on VLSI (ISVLSI)},
   publisher={IEEE},
   author={Ayral, Thomas and Le Regent, Francois-Marie and Saleem, Zain and Alexeev, Yuri and Suchara, Martin},
   year={2020},
   month=jul 
}

@misc{fujii2022deep,
      title={Deep Variational Quantum Eigensolver: a divide-and-conquer method for solving a larger problem with smaller size quantum computers}, 
      author={Keisuke Fujii and Kaoru Mizuta and Hiroshi Ueda and Kosuke Mitarai and Wataru Mizukami and Yuya O. Nakagawa},
      year={2022},
      eprint={2007.10917},
      archivePrefix={arXiv},
      primaryClass={quant-ph}
}

@article{PhysRevX.6.021043,
  title = {Trading Classical and Quantum Computational Resources},
  author = {Bravyi, Sergey and Smith, Graeme and Smolin, John A.},
  journal = {Phys. Rev. X},
  volume = {6},
  issue = {2},
  pages = {021043},
  numpages = {14},
  year = {2016},
  month = {Jun},
  publisher = {American Physical Society},
  doi = {10.1103/PhysRevX.6.021043},
  url = {https://link.aps.org/doi/10.1103/PhysRevX.6.021043}
}

@article{Li_2020,
   title={Quantum optimization with a novel Gibbs objective function and ansatz architecture search},
   volume={2},
   ISSN={2643-1564},
   url={http://dx.doi.org/10.1103/PhysRevResearch.2.023074},
   DOI={10.1103/physrevresearch.2.023074},
   number={2},
   journal={Physical Review Research},
   publisher={American Physical Society (APS)},
   author={Li, Li and Fan, Minjie and Coram, Marc and Riley, Patrick and Leichenauer, Stefan},
   year={2020},
   month=apr 
}

@article{Barkoutsos_2020,
   title={Improving Variational Quantum Optimization using CVaR},
   volume={4},
   ISSN={2521-327X},
   url={http://dx.doi.org/10.22331/q-2020-04-20-256},
   DOI={10.22331/q-2020-04-20-256},
   journal={Quantum},
   publisher={Verein zur Forderung des Open Access Publizierens in den Quantenwissenschaften},
   author={Barkoutsos, Panagiotis Kl. and Nannicini, Giacomo and Robert, Anton and Tavernelli, Ivano and Woerner, Stefan},
   year={2020},
   month=apr, pages={256} 
}

@misc{vijendran2023expressive,
      title={An Expressive Ansatz for Low-Depth Quantum Optimisation}, 
      author={V. Vijendran and Aritra Das and Dax Enshan Koh and Syed M. Assad and Ping Koy Lam},
      year={2023},
      eprint={2302.04479},
      archivePrefix={arXiv},
      primaryClass={quant-ph}
}

@article{Qian_2023,
   title={Comparative Study of Variations in Quantum Approximate Optimization Algorithms for the Traveling Salesman Problem},
   volume={25},
   ISSN={1099-4300},
   url={http://dx.doi.org/10.3390/e25081238},
   DOI={10.3390/e25081238},
   number={8},
   journal={Entropy},
   publisher={MDPI AG},
   author={Qian, Wenyang and Basili, Robert A. M. and Eshaghian-Wilner, Mary Mehrnoosh and Khokhar, Ashfaq and Luecke, Glenn and Vary, James P.},
   year={2023},
   month=aug, pages={1238} 
}

@article{Egger_2021,
   title={Warm-starting quantum optimization},
   volume={5},
   ISSN={2521-327X},
   url={http://dx.doi.org/10.22331/q-2021-06-17-479},
   DOI={10.22331/q-2021-06-17-479},
   journal={Quantum},
   publisher={Verein zur Forderung des Open Access Publizierens in den Quantenwissenschaften},
   author={Egger, Daniel J. and Mareček, Jakub and Woerner, Stefan},
   year={2021},
   month=jun, pages={479} }

@misc{beaulieu2022evaluating,
      title={Evaluating performance of hybrid quantum optimization algorithms for MAXCUT Clustering using IBM runtime environment}, 
      author={Daniel Beaulieu and Anh Pham},
      year={2022},
      eprint={2112.03199},
      archivePrefix={arXiv},
      primaryClass={quant-ph}}

@inproceedings{Bartschi_2020,
   title={Grover Mixers for QAOA: Shifting Complexity from Mixer Design to State Preparation},
   url={http://dx.doi.org/10.1109/QCE49297.2020.00020},
   DOI={10.1109/qce49297.2020.00020},
   booktitle={2020 IEEE International Conference on Quantum Computing and Engineering (QCE)},
   publisher={IEEE},
   author={Bartschi, Andreas and Eidenbenz, Stephan},
   year={2020},
   month=oct }

@misc{herrman2021multiangle,
      title={Multi-angle Quantum Approximate Optimization Algorithm}, 
      author={Rebekah Herrman and Phillip C. Lotshaw and James Ostrowski and Travis S. Humble and George Siopsis},
      year={2021},
      eprint={2109.11455},
      archivePrefix={arXiv},
      primaryClass={quant-ph}
}

@article{Wang_2021,
   title={Noise-induced barren plateaus in variational quantum algorithms},
   volume={12},
   ISSN={2041-1723},
   url={http://dx.doi.org/10.1038/s41467-021-27045-6},
   DOI={10.1038/s41467-021-27045-6},
   number={1},
   journal={Nature Communications},
   publisher={Springer Science and Business Media LLC},
   author={Wang, Samson and Fontana, Enrico and Cerezo, M. and Sharma, Kunal and Sone, Akira and Cincio, Lukasz and Coles, Patrick J.},
   year={2021},
   month=nov }

@article{PhysRevLett.130.110601,
  title = {Experimental Simulation of Larger Quantum Circuits with Fewer Superconducting Qubits},
  author = {Ying, Chong and Cheng, Bin and Zhao, Youwei and Huang, He-Liang and Zhang, Yu-Ning and Gong, Ming and Wu, Yulin and Wang, Shiyu and Liang, Futian and Lin, Jin and Xu, Yu and Deng, Hui and Rong, Hao and Peng, Cheng-Zhi and Yung, Man-Hong and Zhu, Xiaobo and Pan, Jian-Wei},
  journal = {Phys. Rev. Lett.},
  volume = {130},
  issue = {11},
  pages = {110601},
  numpages = {7},
  year = {2023},
  month = {Mar},
  publisher = {American Physical Society},
  doi = {10.1103/PhysRevLett.130.110601},
  url = {https://link.aps.org/doi/10.1103/PhysRevLett.130.110601}
}

@article{Ayral_2021,
   title={Quantum Divide and Compute: Exploring the Effect of Different Noise Sources},
   volume={2},
   ISSN={2661-8907},
   url={http://dx.doi.org/10.1007/s42979-021-00508-9},
   DOI={10.1007/s42979-021-00508-9},
   number={3},
   journal={SN Computer Science},
   publisher={Springer Science and Business Media LLC},
   author={Ayral, Thomas and Régent, François-Marie Le and Saleem, Zain and Alexeev, Yuri and Suchara, Martin},
   year={2021},
   month=mar }

@article{PRXQuantum.3.010346,
  title = {Deep Variational Quantum Eigensolver: A Divide-And-Conquer Method for Solving a Larger Problem with Smaller Size Quantum Computers},
  author = {Fujii, Keisuke and Mizuta, Kaoru and Ueda, Hiroshi and Mitarai, Kosuke and Mizukami, Wataru and Nakagawa, Yuya O.},
  journal = {PRX Quantum},
  volume = {3},
  issue = {1},
  pages = {010346},
  numpages = {12},
  year = {2022},
  month = {Mar},
  publisher = {American Physical Society},
  doi = {10.1103/PRXQuantum.3.010346},
  url = {https://link.aps.org/doi/10.1103/PRXQuantum.3.010346}
}

@article{Bechtold_2023,
   title={Investigating the effect of circuit cutting in QAOA for the MaxCut problem on NISQ devices},
   volume={8},
   ISSN={2058-9565},
   url={http://dx.doi.org/10.1088/2058-9565/acf59c},
   DOI={10.1088/2058-9565/acf59c},
   number={4},
   journal={Quantum Science and Technology},
   publisher={IOP Publishing},
   author={Bechtold, Marvin and Barzen, Johanna and Leymann, Frank and Mandl, Alexander and Obst, Julian and Truger, Felix and Weder, Benjamin},
   year={2023},
   month=sep, pages={045022} }

@online{CUPEC,
  title     = {2021 China Undergraduate Physics Experiment Competition Awarded Works Collection, https://2d.hep.com.cn/1262921/491},
  year      = {2021},
  url       = {https://2d.hep.com.cn/1262921/491},
}